@article{dinev2020modeling,
  title={Modeling and control of a hybrid wheeled jumping robot},
  author={Dinev, Traiko and Xin, Songyan and Merkt, Wolfgang and Ivan, Vladimir and Vijayakumar, Sethu},
  journal={arXiv preprint arXiv:2003.01440},
  year={2020}
}