@STRING{IEEE_C_CASE       = "{IEEE} CASE"}
@STRING{IEEE_C_ROBIO      = "{IEEE} ROBIO"}
@STRING{IEEE_C_CDC        = "IEEE Conf. Decision and Control"}
@STRING{IEEE_C_IROS       = "IEEE/RSJ IROS"}
@STRING{IEEE_C_HUMANOIDS  = "IEEE-RAS Humanoids"}
@STRING{IEEE_C_ICRA       = "IEEE ICRA"}
